@inproceedings{abayomi2013overview,
  title={An Overview of Supervised Machine Learning Techniques in Evolving Mancala Game Player},
  author={Abayomi, Randle Oluwarotimi and Olugbara, O and Manosh, Lall},
  booktitle={Proceedings of the 2nd International Conference on Computer Science and Electronics Engineering},
  year={2013},
  organization={Atlantis Press}
}


@article{randle2013overview,
  title={An Overview of Unsupervised Machine Learning Techniques to Evolve Mancala Game Player},
  author={Randle, Oluwarotimi and Mirian, Sello Queen and Ngungu, Mercy},
  year={2013}
}


@techreport{gifford2008searching,
  title={Searching \& Game Playing: An Artificial Intelligence Approach to Mancala},
  author={Gifford, Chris and Bley, James and Ajayi, Dayo and Thompson, Zach},
  year={2008},
  institution={Technical Report ITTC-FY2009-TR-03050-03, Information Telecommunication and Technology Center, University of Kansas, Lawrence, KS}
}